@article{einstein,
    author = "Albert Einstein",
    title = "{Zur Elektrodynamik bewegter K{\"o}rper}. ({German})
    [{On} the electrodynamics of moving bodies]",
    journal = "Annalen der Physik",
    volume = "322",
    number = "10",
    pages = "891--921",
    year = "1905",
    DOI = "http://dx.doi.org/10.1002/andp.19053221004",
    keywords = "physics"
}

@book{dirac,
    title = {The Principles of Quantum Mechanics},
    author = {Paul Adrien Maurice Dirac},
    isbn = {9780198520115},
    series = {International series of monographs on physics},
    year = {1981},
    publisher = {Clarendon Press},
    keywords = {physics}
}

@online{knuthwebsite,
    author = "Donald Knuth",
    title = "Knuth: Computers and Typesetting",
    url  = "http://www-cs-faculty.stanford.edu/~uno/abcde.html",
    addendum = "(accessed: 01.09.2016)",
    keywords = "latex,knuth"
}

@inbook{knuth-fa,
    author = "Donald E. Knuth",
    title = "Fundamental Algorithms",
    publisher = "Addison-Wesley",
    year = "1973",
    chapter = "1.2",
    keywords  = "knuth,programming"
}

@book{Markley,
    title = {Fundamentals of Spaceraft Attitude Determination and Control},
    author = {F. Landis Markley, John L. Crassidis},
    isbn = {9781493908011},
    series = {Space Technology Library},
    year = {2014},
    publisher = {Springer},
    keywords = {physics}
}

@book{Ruiter,
    title = {Spacecraft Dynamics and Control: An Introduction},
    author = {Anthon H.J. De Ruiter, Christopher J. Damaren, James R. Forbes},
    isbn = {9781118342367},
    year = {2013},
    publisher = {Wiley},
    keywords = {Spacecraft Dynamics and Control}
}



[1] Dr. S. Singh, Attitude Control of Earth-Orbiting  \\

[2] K.D. Kumar, Acta Mechanica, Attitude dynamics and control of satellites orbiting rotating asteroids. \\

[2]Chi Tsong Chen, Linear System Theory and Design \\

[3]Sun, Robust Adaptive Controller\\

(chapter 7)

Bingo... this..
Spacecraft Dynamics and Control An Introductoin
Anthon H.J. De Ruiter, Christoper J. Damaren, James R. Forbes
chapter 11, section 3.1 (Properties of the Inertia Matrix) and chapter 12

Spacecraft Dynamics and Control A Practical Engineering Approach
Marcel J. Crassidis
(Chapter 7 - Attitude Maneuvers in Space)

Linear System Theory
Wilson J. Rugh

// There's a black "Linear System" text that I can't find..

Adaptive Control
Karl Johan Astrom, Bjorn Wittenmark




Not so useful text
==============================================================
Space Robotics: Dynamics and Control
Xu Kanade

Lyapunox Matrix Equation in System Stability and Control
Gajic Qureshi

Nonlinear and Adaptive Control with Applications
Astolfi, Karagiannis, Ortega

Robust Dynamic Feedback and Variable Structure Adapive Control of Rigid and Flexible Spacecraft
Yueming Zeng

Output Feedback Rotational Maneuvers and Vibration Damping of NASA SCOLE System By Inversion Theory
Misbahul Azam

Feedback Linearizaiton, Invertibility of Map, Zero Dynamics, and Nonlinear Control of the Space Station
Theodore C. Bosart

Satellite Control
Garner

Spacecraft Attitude Dynamics
Peter C. Hughes
